%% This BibTeX bibliography file was created using BibDesk.
%% http://bibdesk.sourceforge.net/


%% Created for Lauro Cesar Araujo at 2013-04-05 08:03:49 -0300 


%% Saved with string encoding Unicode (UTF-8) 



@misc{abntex2-wiki-como-customizar,
	Author = {abnTeX2},
	Date-Added = {2013-03-23 21:39:21 +0000},
	Date-Modified = {2013-03-23 21:44:20 +0000},
	Howpublished = {Wiki do abnTeX2},
	Keywords = {wiki},
	Title = {Como customizar o abnTeX2},
	Url = {https://code.google.com/p/abntex2/wiki/ComoCustomizar},
	Urlaccessdate = {23.3.2013},
	Year = {2013},
	Bdsk-Url-1 = {https://code.google.com/p/abntex2/wiki/ComoCustomizar}}

@manual{talbot2012,
	Author = {Nicola L.C. Talbot},
	Date-Added = {2013-03-11 12:06:04 +0000},
	Date-Modified = {2013-03-11 12:06:56 +0000},
	Month = {11},
	Title = {User Manual for glossaries.sty},
	Url = {http://mirrors.ctan.org/macros/latex/contrib/glossaries/glossaries-user.pdf},
	Urlaccessdate = {11.3.2013},
	Year = {2012},
	Bdsk-Url-1 = {http://mirrors.ctan.org/macros/latex/contrib/glossaries/glossaries-user.pdf}}

@manual{babel,
	Author = {Johannes Braams},
	Date-Added = {2013-02-17 13:37:14 +0000},
	Date-Modified = {2013-02-17 13:38:38 +0000},
	Month = {April},
	Title = {Babel, a multilingual package for use with LATEX's standard document classes},
	Url = {http://mirrors.ctan.org/info/babel/babel.pdf},
	Urlaccessdate = {17.2.2013},
	Year = {2008},
	Bdsk-Url-1 = {http://mirrors.ctan.org/info/babel/babel.pdf}}

@manual{abntex2modelo-artigo,
	Annote = {Este documento {\'e} derivado do \cite{abnt-bibtex-doc}},
	Author = {abnTeX2},
	Date-Added = {2013-01-15 00:10:35 +0000},
	Date-Modified = {2013-02-04 12:05:47 +0000},
	Organization = {Equipe abnTeX2},
	Title = {Modelo Can{\^o}nico de Artigo Cient{\'\i}fico com abnTeX2},
	Url = {http://abntex2.googlecode.com/},
	Year = {2013},
	Bdsk-Url-1 = {http://code.google.com/p/abntex2/}}

@manual{abntex2modelo-relatorio,
	Annote = {Este documento {\'e} derivado do \cite{abnt-bibtex-doc}},
	Author = {abnTeX2},
	Date-Added = {2013-01-15 00:05:34 +0000},
	Date-Modified = {2013-02-04 12:05:50 +0000},
	Organization = {Equipe abnTeX2},
	Title = {Modelo Can{\^o}nico de Relat{\'o}rio T{\'e}cnico e/ou Cient{\'\i}fico com abnTeX2},
	Url = {http://abntex2.googlecode.com/},
	Year = {2013},
	Bdsk-Url-1 = {http://code.google.com/p/abntex2/}}

@manual{abntex2modelo,
	Annote = {Este documento {\'e} derivado do \cite{abnt-bibtex-doc}},
	Author = {abnTeX2},
	Date-Added = {2013-01-12 22:55:32 +0000},
	Date-Modified = {2013-02-04 12:05:54 +0000},
	Organization = {Equipe abnTeX2},
	Title = {Modelo Can{\^o}nico de Trabalho Acad{\^e}mico com abnTeX2},
	Url = {http://abntex2.googlecode.com/},
	Year = {2013},
	Bdsk-Url-1 = {http://code.google.com/p/abntex2/}}

@mastersthesis{araujo2012,
	Address = {Bras{\'\i}lia},
	Author = {Lauro C{\'e}sar Araujo},
	Date-Added = {2013-01-09 11:04:42 +0000},
	Date-Modified = {2013-01-09 11:04:42 +0000},
	Month = {Mar{\c c}o},
	School = {Universidade de Bras{\'\i}lia},
	Subtitle = {uma perspectiva de Arquitetura da Informa{\c c}{\~a}o da Escola de Bras{\'\i}lia},
	Title = {Configura{\c c}{\~a}o},
	Year = {2012}}

@manual{memoir,
	Address = {Normandy Park, WA},
	Author = {Peter Wilson and Lars Madsen},
	Date-Added = {2013-01-09 10:37:50 +0000},
	Date-Modified = {2013-03-21 13:23:25 +0000},
	Organization = {The Herries Press},
	Title = {The Memoir Class for Configurable Typesetting - User Guide},
	Url = {http://mirrors.ctan.org/macros/latex/contrib/memoir/memman.pdf},
	Urlaccessdate = {19.12.2012},
	Year = {2010},
	Bdsk-Url-1 = {http://ctan.tche.br/macros/latex/contrib/memoir/memman.pdf}}

@manual{abntex2cite-alf,
	Annote = {Este documento {\'e} derivado do \cite{abnt-bibtex-alf-doc}},
	Author = {abnTeX2 and Lauro C{\'e}sar Araujo},
	Date-Added = {2013-01-09 10:37:45 +0000},
	Date-Modified = {2013-04-05 11:03:05 +0000},
	Organization = {Equipe abnTeX2},
	Title = {O pacote abntex2cite: t{\'o}picos espec{\'\i}ficos da ABNT NBR 10520:2002 e o estilo bibliogr{\'a}fico alfab{\'e}tico (sistema autor-data},
	Url = {http://abntex2.googlecode.com/},
	Year = {2013},
	Bdsk-Url-1 = {http://code.google.com/p/abntex2/}}

@manual{abntex2cite,
	Annote = {Este documento {\'e} derivado do \cite{abnt-bibtex-doc}},
	Author = {abnTeX2 and Lauro C{\'e}sar Araujo},
	Date-Added = {2013-01-09 10:37:45 +0000},
	Date-Modified = {2013-04-05 10:47:36 +0000},
	Organization = {Equipe abnTeX2},
	Title = {O pacote abntex2cite: Estilos bibliogr{\'a}ficos compat{\'\i}veis com a ABNT NBR 6023},
	Url = {http://abntex2.googlecode.com/},
	Year = {2013},
	Bdsk-Url-1 = {http://code.google.com/p/abntex2/}}

@manual{abntex2classe,
	Author = {abnTeX2 and Lauro C{\'e}sar Araujo},
	Date-Added = {2013-01-09 10:37:38 +0000},
	Date-Modified = {2013-04-05 11:03:48 +0000},
	Organization = {Equipe abnTeX2},
	Title = {A classe abntex2: Modelo can{\^o}nico de trabalhos acad{\^e}micos brasileiros compat{\'\i}vel com as normas ABNT NBR 14724:2011, ABNT NBR 6024:2012 e outras},
	Url = {http://abntex2.googlecode.com/},
	Year = {2013},
	Bdsk-Url-1 = {http://code.google.com/p/abntex2/}}

@manual{NBR10520:2002,
	Address = {Rio de Janeiro},
	Date-Added = {2012-12-15 21:43:38 +0000},
	Date-Modified = {2013-01-12 22:17:20 +0000},
	Month = aug,
	Org-Short = {ABNT},
	Organization = {Associa{\c c}\~ao Brasileira de Normas T\'ecnicas},
	Pages = 7,
	Subtitle = {Informa{\c c}\~ao e documenta{\c c}\~ao --- Apresenta{\c c}\~ao de cita{\c c}\~oes em documentos},
	Title = {{NBR} 10520},
	Year = 2002}

@manual{NBR6024:2012,
	Address = {Rio de Janeiro},
	Date-Added = {2012-12-15 21:24:06 +0000},
	Date-Modified = {2012-12-15 21:24:28 +0000},
	Month = feb,
	Org-Short = {ABNT},
	Organization = {Associa{\c c}\~ao Brasileira de Normas T\'ecnicas},
	Pages = 4,
	Subtitle = {Numera{\c c}\~ao progressiva das se{\c c}\~oes de um documento},
	Title = {{NBR} 6024},
	Year = 2012}

@manual{NBR6028:2003,
	Address = {Rio de Janeiro},
	Date-Added = {2012-12-15 21:02:12 +0000},
	Date-Modified = {2012-12-15 21:02:50 +0000},
	Month = nov,
	Org-Short = {ABNT},
	Organization = {Associa{\c c}\~ao Brasileira de Normas T\'ecnicas},
	Pages = 2,
	Subtitle = {Resumo - Apresenta{\c c}{\~a}o},
	Title = {{NBR} 6028},
	Year = 2003}

@manual{NBR14724:2002,
	Address = {Rio de Janeiro},
	Date-Added = {2012-12-15 20:34:17 +0000},
	Date-Modified = {2012-12-15 20:34:17 +0000},
	Month = aug,
	Note = {Substitui a Ref.~\citeonline{NBR14724:2001}},
	Org-Short = {ABNT},
	Organization = {Associa{\c c}\~ao Brasileira de Normas T\'ecnicas},
	Pages = 6,
	Subtitle = {Informa{\c c}\~ao e documenta{\c c}\~ao --- trabalhos acad\^emicos --- apresenta{\c c}\~ao},
	Title = {{NBR} 14724},
	Year = 2002}

@manual{NBR14724:2001,
	Address = {Rio de Janeiro},
	Date-Added = {2012-12-15 20:34:08 +0000},
	Date-Modified = {2012-12-15 20:34:08 +0000},
	Month = jul,
	Org-Short = {ABNT},
	Organization = {Associa{\c c}\~ao Brasileira de Normas T\'ecnicas},
	Pages = 6,
	Subtitle = {Informa{\c c}\~ao e documenta{\c c}\~ao --- trabalhos acad\^emicos --- apresenta{\c c}\~ao},
	Title = {{NBR} 14724},
	Year = 2001}

@manual{NBR14724:2011,
	Address = {Rio de Janeiro},
	Date-Added = {2012-12-15 20:34:08 +0000},
	Date-Modified = {2012-12-15 20:35:25 +0000},
	Month = mar,
	Note = {Substitui a Ref.~\citeonline{NBR14724:2005}},
	Org-Short = {ABNT},
	Organization = {Associa{\c c}\~ao Brasileira de Normas T\'ecnicas},
	Pages = 15,
	Subtitle = {Informa{\c c}\~ao e documenta{\c c}\~ao --- trabalhos acad\^emicos --- apresenta{\c c}\~ao},
	Title = {{NBR} 14724},
	Year = 2011}

@article{van86,
	Author = {{van}, Gigch, John P. and Leo L. Pipino},
	Journal = {Future Computing Systems},
	Number = {1},
	Pages = {71-97},
	Title = {In search for a paradigm for the discipline of information systems},
	Volume = {1},
	Year = {1986}}

@phdthesis{guizzardi2005,
	Address = {Enschede, The Netherlands},
	Author = {Giancarlo Guizzardi},
	Date-Added = {2012-04-23 11:35:28 +0000},
	Date-Modified = {2012-04-23 11:35:28 +0000},
	School = {Centre for Telematics and Information Technology, University of Twente},
	Title = {Ontological Foundations for Structural Conceptual Models},
	Url = {http://www.loa.istc.cnr.it/Guizzardi/SELMAS-CR.pdf},
	Urlaccessdate = {3.7.2011},
	Year = {2005},
	Bdsk-Url-1 = {http://www.loa.istc.cnr.it/Guizzardi/SELMAS-CR.pdf}}

@mastersthesis{macedo2005,
	Author = {Fl{\'a}via L. Macedo},
	Date-Added = {2012-04-23 11:35:13 +0000},
	Date-Modified = {2012-04-23 11:35:13 +0000},
	Keywords = {arquitetura da informa{\c c}{\~a}o},
	School = {Universidade de Bras{\'\i}lia},
	Title = {Arquitetura da Informa{\c c}{\~a}o: aspectos espistemol{\'o}gicos, cient{\'\i}ficos e pr{\'a}ticos.},
	Type = {Disserta{\c c}{\~a}o de Mestrado},
	Year = {2005}}

@manual{EIA649B,
	Address = {EUA},
	Date-Added = {2012-04-23 11:34:59 +0000},
	Date-Modified = {2012-04-23 11:34:59 +0000},
	Keywords = {norma},
	Month = {June},
	Organization = {TechAmerica},
	Title = {ANSI/EIA 649-B: Configuration Management Standard},
	Year = {2011}}

@inproceedings{masolo2010,
	Author = {Claudio Masolo},
	Booktitle = {Proceedings of the Twelfth International Conference on the Principles of Knowledge Representation and Reasoning (KR 2010)},
	Date-Added = {2012-04-23 11:34:38 +0000},
	Date-Modified = {2012-04-23 11:34:38 +0000},
	Editor = {Lin, F. and Sattler, U.},
	Pages = {258-268},
	Publisher = {AAAI Press},
	Title = {Understanding Ontological Levels},
	Url = {http://wiki.loa-cnr.it/Papers/kr10v0.7.pdf},
	Urlaccessdate = {2.1.2012},
	Year = {2010},
	Bdsk-Url-1 = {http://wiki.loa-cnr.it/Papers/kr10v0.7.pdf}}

@inbook{guarino1995,
	Address = {Vienna},
	Author = {Nicola Guarino},
	Booktitle = {Philosophy and the Cognitive Science},
	Date-Added = {2012-04-23 11:34:29 +0000},
	Date-Modified = {2012-04-23 11:34:29 +0000},
	Editor = {R. Casati and B. Smith and G. White},
	Month = {September},
	Pages = {443-456},
	Publisher = {Holder-Pivhler-Tempsky},
	Title = {The Ontological Level},
	Url = {http://wiki.loa-cnr.it/Papers/OntLev.pdf},
	Urlaccessdate = {2.1.2012},
	Year = {1995},
	Bdsk-Url-1 = {http://wiki.loa-cnr.it/Papers/OntLev.pdf}}

@incollection{bates2010,
	Address = {New York},
	Author = {Marcia J. Bates},
	Booktitle = {Encyclopedia of Library and Information Sciences},
	Date-Added = {2012-04-23 11:34:29 +0000},
	Date-Modified = {2012-04-23 11:34:29 +0000},
	Edition = {3rd},
	Editor = {Marcia J. Bates and Mary Niles Maack},
	Pages = {2347-2360},
	Publisher = {CRC Press},
	Title = {Information},
	Url = {http://pages.gseis.ucla.edu/faculty/bates/articles/information.html},
	Urlaccessdate = {24.10.2011},
	Volume = {3},
	Year = {2010},
	Bdsk-Url-1 = {http://pages.gseis.ucla.edu/faculty/bates/articles/information.html}}

@book{doxiadis1965,
	Author = {Constantinos A. Doxiadis},
	Date-Added = {2012-04-23 11:34:20 +0000},
	Date-Modified = {2012-04-23 11:34:20 +0000},
	Publisher = {Ceira - Coimbra},
	Title = {Arquitetura em Transi{\c c}{\~a}o},
	Year = {1965}}

@book{dewey1980,
	Address = {New York, NY, USA},
	Author = {John Dewey},
	Date-Added = {2012-04-23 11:34:16 +0000},
	Date-Modified = {2012-04-23 11:34:16 +0000},
	Publisher = {Perigee Books},
	Title = {Art as Experience},
	Year = {1980}}

@ONLINE{batsim2018,
	author = {Batsim},
	title = {Batsim-Workloads},
	month = Dezembro,
	year = {2018},
	url = {https://batsim.readthedocs.io/en/latest/input-workload.html#delay}
}

@article{silva2010ensinando,
	title={Ensinando diagramas UML para estudantes cegos},
	author={Silva, Christiane E and Pansanato, LT and Fabri, Jos{\'e} A},
	journal={XVIII CIESC--XXXVI CLEI},
	year={2010}
}

@inproceedings{crerie2008identificacao,
	title={Identificacao de regras de negocio utilizando mineracao de processos},
	author={Crerie, Raphael and Bai{\~a}o, Fernanda Araujo and Santoro, Fl{\'a}via Maria},
	booktitle={Companion Proceedings of the XIV Brazilian Symposium on Multimedia and the Web},
	pages={241--246},
	year={2008},
	organization={ACM}
}

@ONLINE{dextra2013prototipacao,
	author = {Dextra},
	title = {Prototipação e sua importância no desenvolvimento de software},
	month = Junho,
	year = {2019},
	url = {https://dextra.com.br/pt/prototipacao-e-sua-importancia-no-desenvolvimento-de-software/}
}

@ONLINE{produttivo,
	author = {Produttivo},
	month = Junho,
	year = {2019},
	url = {https://produttivo.com.br}
}

@ONLINE{softbyte,
	author = {SoftByte},
	month = Junho,
	year = {2019},
	url = {http://softbyte.com.br}
}


@ONLINE{prodwin,
	author = {ProdWin},
	month = Junho,
	year = {2019},
	url = {https://prodwin.com.br}
}

@book{vazquez2016,
	title={Engenharia de Requisitos: software orientado ao neg{\'o}cio},
	author={Vazquez, C.E. and Sim{\~o}es, G.S.},
	isbn={9788574527901},
	url={https://books.google.com.br/books?id=gA7kDAAAQBAJ},
	year={2016},
	publisher={BRASPORT}
}

@book{schmitzanalise,
	title={An{\'a}lise de Risco em Ger{\^e}ncia de Projetos - 3{\textordfeminine} Edi{\c{c}}{\~a}o},
	author={Schmitz, E.A. and Alencar, A.J.},
	year={2012},
	isbn={9788574525426},
	url={https://books.google.com.br/books?id=ubZ7YHtWZ08C},
	publisher={BRASPORT}
}
@book{de2003engenharia,
	title={Engenharia de software},
	author={de P{\'a}dua Paula Filho, Wilson},
	volume={2},
	year={2003},
	publisher={LTC}
}

@book{essi2005,
    title={Engenharia de Software e Sistemas de Informação},
    author={Denis Alcides Rezende},
    year={2005},
    volume={3}
}

@book{cordeiro2007,
    title={Técnicas para gerenciamento de projetos de software},
    author={José Carlos Cordeiro Martins},
    year={2007},
    publisher={Brasport Livros e Multimidia Ltda}
}

@book{pejeronimo2002,
    title={O desafio do dízimo},
    author={Jerönimo Gasques},
    year={2002}
}

@book{umlessencial2005,
    title={UML Essencial},
    author={Martin Fowler},
    year={2005},
    pages={104--105}
}

@book{carniello2003,
    title={Teste Basead na estrutura de casos de uso},
    author={Adriana Carniello},
    year={2003}
}

@book{roberthurt,
    title={Sistemas de informações contábeis},
    author={Robert L. Hurt},
    year={2014},
    publisher={AMGH Editora Ltda}
}

@article{rocha2015metodologia,
	title={A metodologia SCRUM como mobilizadora da pr{\'a}tica pedag{\'o}gica: um olhar sobre a engenharia de software},
	author={Rocha, Fabio Gomes and Sabino, Rosimeri Ferraz and Acipreste, Ronald Henrique Leal},
	journal={FEES 2015},
	pages={13},
	year={2015}
}

@article{2001SilviaInes,
	title={Investiga{\c{c}}{\~a}o do Processo de Desenvolvimento de Software a partir da Modelagem Organizacional, enfatizando regras do negócio},
	author={Silvia In{\^e}s Dallavalle de P{\'a}dua},
	year={2001},
	Organization = {Escola de Engenharia de São Carlos, Universidade de São Paulo}
}

@inproceedings{2010_erbd,
	author = {Henrique Rocha and Ricardo Terra},
	title = {{TerraER}: Uma Ferramenta voltada ao Ensino do Modelo de Entidade-Relacionamento},
	year = {2010},
	pages = {1-4},
	booktitle = {VI Escola Regional de Banco de Dados (ERBD)},
	pdf = {http://professores.dcc.ufla.br/~terra/publications_files/2010_erbd.pdf},
	qualis = {No}
}

@InProceedings{1997kilovSimmonds,
	author={Kilov, Haim and Simmonds, Ian},
	editor={Bosch, Jan and Mitchell, Stuart},
	title={Business rules: from business specification to design},
	booktitle={Object-Oriented Technologys},
	year={1998},
	publisher={Springer Berlin Heidelberg},
	address={Berlin, Heidelberg},
	pages={188--194},
	abstract={A ''business rule'' precisely describes communities of business things},
	isbn={978-3-540-69687-2}
}

@book{PMI2018,
	title={A Guide to the Project Management Body of Knowledge (PMBOK(R) Guide-Sixth Edition / Agile Practice Guide Bundle (BRAZILIAN PORTUGUESE)},
	author={Institute, P.M.},
	isbn={9781628255270},
	url={https://books.google.com.br/books?id=fOlfDwAAQBAJ},
	year={2018},
	publisher={Project Management Institute}
}

@book{IIBA2005,
    title={O guia para o corpo de conhecimento de análise de negócios},
    year={2005},
    author={Instituto Internacional de Análise de Negócios de Toronto}
}

@book{PMG2018,
    title={Manual Prático do Plano de Projeto, Utilizando o PMBOK Guide},
    author={Ricardo Viana Vargas},
    year={2018}
}

@book{kerzner2017,
	title={Project Management: A Systems Approach to Planning, Scheduling, and Controlling},
	author={Kerzner, H.},
	isbn={9781119165378},
	lccn={2016045434},
	url={https://books.google.com.br/books?id=VNExDgAAQBAJ},
	year={2017},
	publisher={Wiley}
}

@article{rosemberg2008prototipaccao,
	title={Prototipa{\c{c}}{\~a}o de software e design participativo: uma experi{\^e}ncia do atl{\^a}ntico},
	author={Rosemberg, Carlos and Schilling, Albert and Bastos, Cristianne and Araripe, Rodrigo},
	journal={IHC},
	volume={8},
	pages={312--315},
	year={2008}
}

@inproceedings{coyette2004sketchixml,
	title={SketchiXML: towards a multi-agent design tool for sketching user interfaces based on USIXML},
	author={Coyette, Adrien and Faulkner, St{\'e}phane and Kolp, Manuel and Limbourg, Quentin and Vanderdonckt, Jean},
	booktitle={Proceedings of the 3rd annual conference on Task models and diagrams},
	pages={75--82},
	year={2004}
}

@article{ROSSINI2006,
	title={Administra{\c{c}}{\~a}o de sistemas de informa{\c{c}}{\~a}o e a gest{\~a}o do conhecimento},
	author={ROSSINI, A. M.},
	year={2006}
}


@article{STAIR2008,
	title={Princ{\'i}pios de sistemas de informa{\c{c}}{\~a}o: uma abordagem gerencial},
	author={STAIR, R. M.},
	year={2008}
}

@book{MATTIOLI2020,
	title={Sistemas computacionais.},
	author={MATTIOLI, Alexandre},
	year={2020},
	publisher={Editora Pearson}
}

@book{somasundaram2009armazenamento,
	title={Armazenamento e Gerenciamento de Informa{\c{c}}{\~o}es: Como armazenar, gerenciar e proteger informa{\c{c}}{\~o}es digitais},
	author={Somasundaram, G. and Shrivastava, A. and Services, E.M.C.E.},
	isbn={9788577807642},
	url={https://books.google.com.br/books?id=d8uCfC46hwsC},
	year={2009},
	publisher={Bookman}
}

@book{boff2017sustentabilidade,
	title={Sustentabilidade: o que {\'e} - o que n{\~a}o {\'e}},
	author={Boff, L.},
	isbn={9788532656100},
	url={https://books.google.com.br/books?id=px46DwAAQBAJ},
	year={2017},
	publisher={Editora Vozes}
}

@article{CQP_MMD_2020,
	title={Tecnologia da Informa{\c{c}}{\~a}o Verde nas organiza{\c{c}}{\~o}es: uma vis{\~a}o estrat{\'e}gica},
	url={https://revistasg.emnuvens.com.br/sg/article/view/1629},
	DOI={10.20985/1980-5160.2020.v15n2.1629},
	number={2},
	volume={15},
	journal={Sistemas e Gest{\~a}o},
	author={Costa Queir{\'o}s, Raul Carlos and Picinini M{\'e}xas, Mirian and Meirelles Drumond, Geisa},
	year={2020},
	month={ago.},
	pages={103-112}
}

@monography{TallesMoura2017,
	address={Pernanbuco},
	author={Talles Martins Moura},
	pages={85},
	school={Universidade Federal de Pernambuco},
	title={An{\'a}lise da Implementa{\c{c}}{\~a}o de Pr{\'a}ticas de TI Verde em um Instituto Federal de Educa{\c{c}}{\~a}o, Ci{\^e}ncia e Tecnologia},
	type={Mestrado},
	year={2017}
}

@monography{Maria_Isabel_2001,
	address={Rio Grande do Sul},
	author={Maria Isabel Haufe},
	pages={108},
	school={Universidade Federal do Rio Grande do Sul},
	title={Estimativa da produtividade no desenvolvimento de software},
	type={Mestrado},
	year={2001}
}

@monography{Julia_Mara_2018,
	address={Rio Grande do Sul},
	author={J{\'u}lia Mara Colleoni Couto},
	pages={108},
	school={Pontifícia Universidade Católica do Rio Grande do Sul},
	title={T{\'e}cnicas de visualiza{\c{c}}{\~a}o de dados em gerenciamento de projetos de desenvolvimento de software: proposta de extens{\~a}o do PMBOK},
	type={P{\'o}s Gradua{\c{c}}{\~a}o},
	year={2018}
}

@book{Prado1999,
	title={Ger{\^e}ncia de Projetos em Tecnologia da Informa{\c{c}}{\~a}o},
	author={Darci Prado},
	isbn={9788586948176},
	year={1999},
	publisher={Editora INDG}
}

@article{Ralf_Teresa_Erica2018,
	Author = {Ralf Moura, Teresa Carneiro e Erica Freitas},
	Title = {Condicionantes de sucesso em projetos de software e sua influ{\^e}ncia nos resultados},
	Journal = {Revista Gest{~a}o e Tecnologia},
	Volume = {18},
	Number = {1},
	Year = {2018},
	pages = {61-87}
}
